@article{mohr2023wisent,
  author       = {Mohr-Daurat, H. and Pirk, H.},
  title        = {Wisent: An in-memory serialization format for leafy trees},
  journal      = {CEUR Workshop Proceedings},
  year         = {2023},
  url          = {https://ceur-ws.org/Vol-3462/CDMS9.pdf}
}

@misc{apache_parquet,
  title        = {Apache Parquet},
  url          = {https://parquet.apache.org/},
  note         = {Accessed: 2023-01-23}
}

@misc{apache_orc,
  title        = {Apache ORC},
  url          = {https://orc.apache.org/specification/ORCv1/},
  note         = {Accessed: 2023-01-23}
}

@misc{csv_format,
  title        = {Comma Separated Value (CSV) File Format},
  url          = {https://www.creativyst.com/Doc/Articles/CSV/CSV01.shtml},
  note         = {Accessed: 2023-01-23}
}

@misc{json_org,
  title        = {JSON},
  note         = {Accessed: 2025-01-23},
  url          = {https://www.json.org/json-en.html}
}

@misc{nlohmann_json,
  author       = {Niels Lohmann},
  title        = {JSON for Modern C++},
  note         = {Accessed: 2025-01-23},
  url          = {https://json.nlohmann.me/}
}

@misc{bson_specification,
  author       = {MongoDB, Inc.},
  title        = {BSON Specification},
  note         = {Accessed: 2025-01-23},
  url          = {http://bsonspec.org/}
}


@misc{rapidjson,
  title        = {RapidJSON: A fast JSON parser/generator for C++ with SAX/DOM style API},
  note         = {Accessed: 2025-01-23},
  url          = {https://rapidjson.org/}
}


@article{langdale2019parsing,
  author       = {Langdale, G. and Lemire, D.},
  title        = {Parsing gigabytes of JSON per second},
  journal      = {The VLDB Journal},
  year         = {2019},
  volume       = {28},
  pages        = {941--960},
  url          = {http://arxiv.org/abs/1902.08318}
}


@article{gopinath2020comparison,
  author       = {Gopinath, A. and Ravisankar, M.},
  title        = {Comparison of lossless data compression techniques},
  journal      = {IEEE Xplore},
  year         = {2020},
  url          = {https://ieeexplore.ieee.org/abstract/document/9112516}
}


@inproceedings{gupta2017modern,
  author       = {Gupta, A. and Bansal, A. and Khanduja, V.},
  title        = {Modern lossless compression techniques: Review, comparison and analysis},
  year         = {2017},
  month        = {3},
  publisher    = {IEEE},
  url          = {https://ieeexplore.ieee.org/document/8117850}
}

@article{gupta2016data,
  author       = {Gupta, R. and Kumar, M. and Bathla, R.},
  title        = {Data compression: Lossless and lossy techniques},
  journal      = {International Journal of Applied Innovation Engineering and Management},
  year         = {2016},
  volume       = {5},
  number       = {7},
  pages        = {120--125}
}

@misc{wikipedia_compression_ratio,
  author       = {{Wikipedia}},
  title        = {Data compression ratio},
  url          = {https://en.wikipedia.org/wiki/Data_compression_ratio},
  note         = {Accessed: 2023-01-23}
}

@misc{open_power_system_data,
  title        = {Open Power System Data},
  url          = {https://open-power-system-data.org/},
  note         = {Accessed: 2023-01-23}
}

@misc{WisentCppRepo,
  author       = {Zhao, A.},
  title        = {WisentCpp Repository},
  url          = {https://github.com/AmorZhao/WisentCpp},
  note         = {Access upon request. Permission required to view repository. Accessed: 2025-01-22},
}

@misc{cppreference_optional,
  author       = {cppreference.com},
  title        = {std::optional - C++ Reference},
  note         = {Accessed: 2025-01-23},
  url          = {https://en.cppreference.com/w/cpp/utility/optional#}
}


@misc{google_cpp_style,
  author       = {Google},
  title        = {Google C++ Style Guide},
  note         = {Accessed: 2025-01-23},
  url          = {https://google.github.io/styleguide/cppguide.html}
}
